@article{kundu2008fluid,
  title={Fluid Mechanics},
  author={Kundu, PK and Cohen, IM},
  journal={Academic, San Diego},
  year={2008}
}
